<?xml version="1.0" encoding="UTF-8"?><collection xmlns="http://www.loc.gov/MARC21/slim"><record><leader>00503nam--2200181-u-4500</leader><controlfield tag="001">000056681</controlfield><controlfield tag="002">20161230</controlfield><controlfield tag="005">20161230201052</controlfield><controlfield tag="008">160411s1000------------r-----000-0-rus-d</controlfield><datafield ind1=" " ind2=" " tag="040"><subfield code="a">IFIN-HH</subfield></datafield><datafield ind1=" " ind2=" " tag="041"><subfield code="a">rus</subfield></datafield><datafield ind1="1" ind2=" " tag="100"><subfield code="a">Landau, L. D</subfield></datafield><datafield ind1="1" ind2="0" tag="245"><subfield code="a">Teoreticeskaia fizika Tom IV Reliativistskaia kvantovaia teoria</subfield><subfield code="c">L.D. Landau,E.M. Lifsit</subfield></datafield><datafield ind1=" " ind2=" " tag="260"><subfield code="a">Moskva</subfield><subfield code="b">Fiziko-Metematiceskoi litraturi</subfield><subfield code="c">1971</subfield></datafield><datafield ind1=" " ind2=" " tag="300"><subfield code="a">287</subfield></datafield><datafield ind1="1" ind2=" " tag="700"><subfield code="a">Lifsit, E.M</subfield></datafield><datafield ind1=" " ind2=" " tag="852"><subfield code="a">8223</subfield><subfield code="c">530.1</subfield></datafield><datafield ind1=" " ind2=" " tag="CAT"><subfield code="a">Sys</subfield><subfield code="c">20160411</subfield><subfield code="h">152015</subfield></datafield></record></collection>